@article{zhang1993headspace,
  title={Headspace solid-phase microextraction},
  author={Zhang, Zhouyao and Pawliszyn, Janusz},
  journal={Analytical chemistry},
  volume={65},
  number={14},
  pages={1843--1852},
  year={1993},
  publisher={ACS Publications}
}

@book{leveque1992numerical,
  title={Numerical methods for conservation laws},
  author={LeVeque, Randall J},
  volume={3},
  year={1992},
  publisher={Springer}
}